<record><leader>00000cas a22000007a 4500</leader><controlfield tag="001">14555099</controlfield><controlfield tag="008">861028d190119uutxucr ne      0    0eng d</controlfield><datafield ind1=" " ind2=" " tag="010"><subfield code="a">sn 86090520 </subfield></datafield><datafield ind1=" " ind2=" " tag="040"><subfield code="a">PPM</subfield><subfield code="b">eng</subfield><subfield code="c">PPM</subfield><subfield code="d">OCLCQ</subfield></datafield><datafield ind1=" " ind2=" " tag="042"><subfield code="a">msc</subfield></datafield><datafield ind1="0" ind2=" " tag="130"><subfield code="a">Orange leader (Orange, Tex. : 1901)</subfield></datafield><datafield ind1="1" ind2="4" tag="245"><subfield code="a">The Orange leader.</subfield></datafield><datafield ind1="1" ind2="3" tag="246"><subfield code="a">Orange leader and weekly tribune</subfield></datafield><datafield ind1=" " ind2=" " tag="260"><subfield code="a">Orange, Tex. :</subfield><subfield code="b">Chas. M. Rein,</subfield><subfield code="c">1901-</subfield></datafield><datafield ind1=" " ind2=" " tag="300"><subfield code="a">v. :</subfield><subfield code="b">ill. (chiefly advertisements) ;</subfield><subfield code="c">54 cm.</subfield></datafield><datafield ind1=" " ind2=" " tag="310"><subfield code="a">Weekly</subfield></datafield><datafield ind1=" " ind2=" " tag="321"><subfield code="a">Semiweekly,</subfield><subfield code="b">Sept.-Oct. 1901</subfield></datafield><datafield ind1="0" ind2=" " tag="362"><subfield code="a">Vol. 13, no. 26 (Sept. 6, 1901)-</subfield></datafield><datafield ind1=" " ind2=" " tag="752"><subfield code="a">United States</subfield><subfield code="b">Texas</subfield><subfield code="c">Orange</subfield><subfield code="d">Orange.</subfield></datafield><datafield ind1="0" ind2=" " tag="775"><subfield code="t">Daily Orange leader (Orange, Tex. : 1908)</subfield><subfield code="w">(DLC)sn 88084269</subfield></datafield><datafield ind1="0" ind2="5" tag="780"><subfield code="t">Citizen=record (Orange, Tex.)</subfield></datafield><datafield ind1="0" ind2="1" tag="780"><subfield code="t">Orange leader and weekly tribune</subfield><subfield code="w">(OCoLC)14555045</subfield></datafield></record>